@inbook{aiyangar_hardy_vennkatesvara_seshu_aiyar_p_wilson_1927, title={Highly Composite Numbers}, booktitle={Collected papers of Srinivasa ramanujan}, publisher={Cambridge University Press}, author={Aiyangar, Ramanujan Srinivasa and Hardy, Godfrey Harold and Veṅkatesvara Seshu Aiyar P and Wilson, Bertram Martin}, year={1927}, pages={78–128}}

@article{pascal_1964, title={Sommation des puissances num\'{e}riques}, volume={3}, journal={Oeuvres compl\`{e}tes,  Jean Mesnard, ed., Descl\'{e}e-Brouwer, Paris}, author={Pascal, Blaise}, year={1964}, pages={341–367}}

@article{apostol_1976, title={Introduction to analytic number theory}, DOI={10.1007/978-1-4757-5579-4}, journal={Undergraduate Texts in Mathematics}, author={Apostol, Tom M.}, year={1976}}

@inbook{knoebel_laubenbacher_lodder_pengelley_2007, place={New York (NY)}, title={Sums of numerical powers}, booktitle={Mathematical Masterpieces: Further chronicles by the explorers}, publisher={Springer-Verlag}, author={Knoebel, Arthur and Laubenbacher, Reinhard and Lodder, Jerry and Pengelley, David}, year={2007}, pages={32–37}}

@article{kieren_macmillan_jonathan_sondow_2011, title={Proofs of power sum and binomial coefficient congruences via Pascal’s identity}, volume={118}, DOI={10.4169/amer.math.monthly.118.06.549}, number={6}, journal={The American Mathematical Monthly}, author={Kieren MacMillan and Jonathan Sondow}, year={2011}, pages={549–551}}